@book{lancaster03,
  title={Indexing and abstracting in theory and practice},
  author={F. W. Lancaster},
  year={2003},
  publisher={Facet}
}


@article{anderson83,
  title={A spreading activation theory of memory},
  author={Anderson, John R},
  journal={Verbal learning and verbal behavior},
  volume={22},
  number={3},
  pages={261--295},
  year={1983},
  publisher={Elsevier}
}

@inproceedings{nishioka2016profiling,
  author    = {Chifumi Nishioka and Gregor Gro{\ss}e{-}B{\"{o}}lting and Ansgar Scherp},
  title     = {Influence of time on user profiling and recommending researchers in social media},
  booktitle = {Knowledge Technologies and Data-driven Business},
  year      = {2015},
  publisher = {{ACM}}
}

@article{zhang20217,
author = {Zhang, Wenjie and Wang, Liwei and Yan, Junchi and Wang, Xiangfeng and Zha, Hongyuan},
year = {2017},
month = {04},
pages = {},
title = {Deep Extreme Multi-label Learning}
}

@article{zhang2017,
author = {Zhang, Wenjie and Wang, Liwei and Yan, Junchi and Wang, Xiangfeng and Zha, Hongyuan},
year = {2017},
month = {04},
pages = {},
title = {Deep Extreme Multi-label Learning}
}

@article{blei2003latent,
  title={Latent dirichlet allocation},
  author={Blei, David M and Ng, Andrew Y and Jordan, Michael I},
  journal={Machine Learning Research},
  volume={3},
  pages={993--1022},
  year={2003},
  publisher={JMLR}
}

@inproceedings{Wang:2012:BBS:2390665.2390688,
 author = {Wang, Sida and Manning, Christopher D.},
 title = {Baselines and Bigrams: Simple, Good Sentiment and Topic Classification},
 booktitle = {Association for Computational Linguistics},
 year = {2012},
 pages = {90--94},
 publisher = {ACL},
}

@article{bavelas50,
  title={Communication patterns in task-oriented groups.},
  author={Bavelas, Alex},
  journal={Acoustical society of America},
  year={1950},
  publisher={Acoustical Society of American}
}


@inproceedings{tuarob2013automatic,
  title={Automatic tag recommendation for metadata annotation using probabilistic topic modeling},
  author={Tuarob, Suppawong and Pouchard, Line C and Giles, C Lee},
  booktitle={Joint Conf. on Digital Libraries},
  pages={239--248},
  year={2013},
  organization={ACM}
}

@incollection{bottou-bousquet-2008,
    author = {Bottou, L\'{e}on and Bousquet, Olivier},
    title = {The Tradeoffs of Large Scale Learning},
    booktitle = {Advances in Neural Information Processing Systems},
    no_pages = {161--168},
    publisher = {NIPS Foundation (http://books.nips.cc)},
    year = {2008},
    editor = {Platt, J.C. and Koller, D. and Singer, Y. and Roweis, S.},
    volume = {20},
    url = {http://leon.bottou.org/papers/bottou-bousquet-2008},
}

@inproceedings{collins2002discriminative,
    title={Discriminative training methods for hidden markov models: Theory and experiments with perceptron algorithms},
    author={Collins, Michael},
    booktitle={Proceedings of the ACL-02 conference on Empirical methods in natural language processing-Volume 10},
    no_pages={1--8},
    year={2002},
    organization={Association for Computational Linguistics}
}

@article{DBLP:journals/pr/MadjarovKGD12,
  author    = {Gjorgji Madjarov and
               Dragi Kocev and
               Dejan Gjorgjevikj and
               Saso Dzeroski},
  title     = {An extensive experimental comparison of methods for multi-label learning},
  journal   = {Pattern Recognition},
  volume    = {45},
  number    = {9},
  pages     = {3084--3104},
  year      = {2012},
}


@article{freeman77,
  title={A set of measures of centrality based on betweenness},
  author={Freeman, Linton C},
  journal={Sociometry},
  pages={35--41},
  year={1977},
  publisher={JSTOR}
}


@article{katz53,
  title={A new status index derived from sociometric analysis},
  author={Katz, Leo},
  journal={Psychometrika},
  volume={18},
  number={1},
  pages={39--43},
  year={1953},
  publisher={Springer}
}

@inproceedings{Lesk:1986:ASD:318723.318728,
 author = {Lesk, Michael},
 title = {Automatic Sense Disambiguation Using Machine Readable Dictionaries: How to Tell a Pine Cone from an Ice Cream Cone},
 booktitle = {SIGDOC},
 year = {1986},
 isbn = {0-89791-224-1},
 location = {Toronto, Ontario, Canada},
 pages = {24--26},
 numpages = {3},
 url = {http://doi.acm.org/10.1145/318723.318728},
 doi = {10.1145/318723.318728},
 acmid = {318728},
 publisher = {ACM},
 address = {New York, NY, USA},
}
@article{huang2011recommending,
  title={Recommending {MeSH} terms for annotating biomedical articles},
  author={Huang, Minlie and N{\'e}v{\'e}ol, Aur{\'e}lie and Lu, Zhiyong},
  journal={American Medical Informatics Association},
  volume={18},
  number={5},
  pages={660--667},
  year={2011},
  publisher={The Oxford University Press}
}

@article{rubin2012,
  title={Statistical topic models for multi-label document classification},
  author={Rubin, Timothy N and Chambers, America and Smyth, Padhraic and Steyvers, Mark},
  journal={Machine learning},
  volume={88},
  number={1-2},
  pages={157--208},
  year={2012},
  publisher={Springer}
}

@incollection{nam2014,
  title={Large-scale Multi-label Text Classification---Revisiting Neural Networks},
  author={Nam, Jinseok and Kim, Jungi and Menc{\'\i}a, Eneldo Loza and Gurevych, Iryna and F{\"u}rnkranz, Johannes},
  booktitle={Machine Learning and Knowledge Discovery in Databases},
  pages={437--452},
  year={2014},
  publisher={Springer}
}

@techreport{iso,
   AUTHOR = "{ISO/TC 46/SC 9}",
   INSTITUTION = {Int. Organization for Standardization},
   address = {Geneva, Switzerland},
   number = {5963:1985},
   TITLE = {Documentation -- Methods for examining documents, determining their subjects, and selecting indexing terms},
   TYPE={ISO},
   YEAR={1985},
   URL={http://www.iso.org/iso/catalogue_detail.htm?csnumber=12158}
   }

@article{lewis04,
  title={{RCV1}: A new benchmark collection for text categorization research},
  author={Lewis, David D and Yang, Yiming and Rose, Tony G and Li, Fan},
  journal={Machine Learning Research},
  volume={5},
  pages={361--397},
  year={2004},
  publisher={JMLR. org}
}

@misc{wordnet,
  author = {Princeton University},
  title = {About {WordNet}},
  year = 2010,
  howpublished = {https://wordnet.princeton.edu/man/morphy.7WN.html},
  note = {Accessed: May 12, 2016}
}

@article{sebastiani2002machine,
  title={Machine learning in automated text categorization},
  author={Sebastiani, Fabrizio},
  journal={Computing Surveys},
  volume={34},
  number={1},
  pages={1--47},
  year={2002},
  publisher={ACM}
}

@article{kim2006some,
  title={Some effective techniques for naive bayes text classification},
  author={Kim, Sang-Bum and Han, Kyoung-Soo and Rim, Hae-Chang and Myaeng, Sung Hyon},
  journal={Knowledge and Data Engineering},
  volume={18},
  number={11},
  pages={1457--1466},
  year={2006},
  publisher={IEEE}
}

@article{gibaja2014multi,
  title={Multi-label learning: a review of the state of the art and ongoing research},
  author={Gibaja, Eva and Ventura, Sebasti{\'a}n},
  journal={Data Mining and Knowledge Discovery},
  volume={4},
  number={6},
  pages={411--444},
  year={2014},
  publisher={Wiley}
}

@techreport{page1999pagerank,
	author ={Lawrence, Page and Sergey, Brin and Motwani, Rajeev and Winograd, Terry},
	title ={The {PageRank} Citation Ranking: Bringing Order to the Web},
	institution = {Stanford University},
	type = {Technical Report},
	year  ={1998}
}

@article{kleinberg1999authoritative,
  title={Authoritative sources in a hyperlinked environment},
  author={Kleinberg, Jon M},
  journal={J. of the ACM},
  volume={46},
  number={5},
  pages={604--632},
  year={1999},
  publisher={ACM}
}

@incollection{DBLP:series/lncs/Bottou12,
    author    = {L{\'{e}}on Bottou},
    title     = {Stochastic Gradient Descent Tricks},
    booktitle = {Neural Networks: Tricks of the Trade},
    pages     = {421--436},
    year      = {2012},
    crossref  = {DBLP:series/lncs/7700},
    url       = {http://dx.doi.org/10.1007/978-3-642-35289-8_25},
    doi       = {10.1007/978-3-642-35289-8_25},
    timestamp = {Mon, 09 Sep 2013 18:53:44 +0200},
    biburl    = {http://dblp.dagstuhl.de/rec/bib/series/lncs/Bottou12},
    bibsource = {dblp computer science bibliography, http://dblp.org}
}

@incollection{DBLP:series/lncs/LeCunBOM12,
	author    = {Yann LeCun and
		L{\'{e}}on Bottou and
			Genevieve B. Orr and
			Klaus{-}Robert M{\"{u}}ller},
	title     = {Efficient BackProp},
	booktitle = {Neural Networks: Tricks of the Trade},
	pages     = {9--48},
	year      = {2012},
	crossref  = {DBLP:series/lncs/7700},
	url       = {http://dx.doi.org/10.1007/978-3-642-35289-8_3},
	doi       = {10.1007/978-3-642-35289-8_3},
	timestamp = {Mon, 09 Sep 2013 18:53:44 +0200},
	biburl    = {http://dblp.uni-trier.de/rec/bib/series/lncs/LeCunBOM12},
	bibsource = {dblp computer science bibliography, http://dblp.org}
}

@book{DBLP:series/lncs/7700,
	editor    = {Gr{\'{e}}goire Montavon and
		Genevieve B. Orr and
			Klaus{-}Robert M{\"{u}}ller},
	booktitle = {Neural Networks: Tricks of the Trade},
	no_series    = {Lecture Notes in Computer Science},
	no_volume    = {7700},
	publisher = {Springer},
	year      = {2012},
	url       = {http://dx.doi.org/10.1007/978-3-642-35289-8},
	doi       = {10.1007/978-3-642-35289-8},
	isbn      = {978-3-642-35288-1},
	timestamp = {Mon, 09 Sep 2013 18:51:12 +0200},
	biburl    = {http://dblp.uni-trier.de/rec/bib/series/lncs/7700},
	bibsource = {dblp computer science bibliography, http://dblp.org}
}

@article{DBLP:journals/corr/abs-1107-2490,
	author    = {Wei Xu},
	title     = {Towards Optimal One Pass Large Scale Learning with Averaged Stochastic Gradient Descent},
	journal   = {CoRR},
	volume    = {abs/1107.2490},
	year      = {2011},
	url       = {http://arxiv.org/abs/1107.2490},
	timestamp = {Mon, 05 Dec 2011 18:05:37 +0100},
	biburl    = {http://dblp.uni-trier.de/rec/bib/journals/corr/abs-1107-2490},
	bibsource = {dblp computer science bibliography, http://dblp.org}
}

@article{scikit-learn,
	 title={Scikit-learn: Machine Learning in {P}ython},
	  author={Pedregosa, F. and Varoquaux, G. and Gramfort, A. and others},
	   journal={Machine Learning Research},
	    volume={12},
	     pages={2825--2830},
	      year={2011}
}

@inproceedings{grosse2015comparison,
  title={A comparison of different strategies for automated semantic document annotation},
  author={Gro{\ss}e-B{\"o}lting, Gregor and Nishioka, Chifumi and Scherp, Ansgar},
  booktitle={Knowledge Capture},
  pages={8},
  year={2015},
  organization={ACM}
}

@inproceedings{quadflor,
  title={TO BE RELEASED},
  author={Galke, Lukas and Mai, Florian and Schelten, Alan and Brunsch, Dennis and Scherp, Ansgar},
  booktitle={TBD},
  pages={0},
  year={2016},
  organization={TBD}
}

@inproceedings{grosse2015comparison-anonymous,
  title={{(Anonymized title)}},
  author={{(Anonymized authors)}},
  booktitle={{(Anonymized conference)}},
}

@inproceedings{rousseau2013graph,
  title={Graph-of-word and {TW-IDF}: new approach to ad hoc {IR}},
  author={Rousseau, Fran{\c{c}}ois and Vazirgiannis, Michalis},
  booktitle={CIKM},
  pages={59--68},
  year={2013},
  organization={ACM}
}

@inproceedings{goossen2011news,
  title={News personalization using the {CF-IDF} semantic recommender},
  author={Goossen, Frank and IJntema, Wouter and Frasincar, Flavius and Hogenboom, Frederik and Kaymak, Uzay},
  booktitle={Web Intelligence, Mining and Semantics},
  pages={10},
  year={2011},
  organization={ACM}
}

@article{salton1988term,
  title={Term-weighting approaches in automatic text retrieval},
  author={Salton, Gerard and Buckley, Christopher},
  journal={Information processing \& management},
  volume={24},
  number={5},
  pages={513--523},
  year={1988},
  publisher={Elsevier}
}

@inproceedings{DBLP:conf/ic3k/BaiW15,
    author    = {Yiqi Bai and Jie Wang},
    title     = {News Classifications with Labeled {LDA}},
    booktitle = {Knowledge Discovery and Information Retrieval},
    pages     = {75--83},
    year      = {2015},
    crossref  = {DBLP:conf/ic3k/2015kdir},
    url       = {http://dx.doi.org/10.5220/0005610600750083},
    doi       = {10.5220/0005610600750083},
    timestamp = {Wed, 02 Dec 2015 09:50:58 +0100},
    biburl    = {http://dblp.uni-trier.de/rec/bib/conf/ic3k/BaiW15},
    bibsource = {dblp computer science bibliography, http://dblp.org}
}

@proceedings{DBLP:conf/ic3k/2015kdir,
    editor    = {Ana L. N. Fred and Jan L. G. Dietz and David Aveiro and Kecheng Liu and Joaquim Filipe},
    title     = {Knowledge Discovery and Information Retrieval},
    publisher = {SciTePress},
    year      = {2015},
    isbn      = {978-989-758-158-8},
    timestamp = {Wed, 02 Dec 2015 09:34:52 +0100},
    biburl    = {http://dblp.uni-trier.de/rec/bib/conf/ic3k/2015kdir},
    bibsource = {dblp computer science bibliography, http://dblp.org}
}

@inproceedings{DBLP:conf/emnlp/RamageHNM09,
    author    = {Daniel Ramage and David Leo Wright Hall and Ramesh Nallapati and Christopher D. Manning},
    title     = {Labeled {LDA:} {A} supervised topic model for credit attribution in
        multi-labeled corpora},
    booktitle = {Empirical Methods in Natural Language Processing},
    pages     = {248--256},
    year      = {2009},
    crossref  = {DBLP:conf/emnlp/2009},
    url       = {http://www.aclweb.org/anthology/D09-1026},
    timestamp = {Wed, 21 Aug 2013 12:23:23 +0200},
    biburl    = {http://dblp.uni-trier.de/rec/bib/conf/emnlp/RamageHNM09},
    bibsource = {dblp computer science bibliography, http://dblp.org}
}
@proceedings{DBLP:conf/emnlp/2009,
    title     = {Empirical Methods in Natural Language Processing},
    publisher = {{ACL}},
    year      = {2009},
    isbn      = {978-1-932432-59-6},
    timestamp = {Wed, 09 Jun 2010 13:47:26 +0200},
    biburl    = {http://dblp.uni-trier.de/rec/bib/conf/emnlp/2009},
    bibsource = {dblp computer science bibliography, http://dblp.org}
}

@incollection{zouaq2012voting,
  title={Voting theory for concept detection},
  author={Zouaq, Amal and Gasevic, Dragan and Hatala, Marek},
  booktitle={ESWC},
  pages={315--329},
  year={2012},
  publisher={Springer}
}

@inproceedings{DBLP:conf/icml/Zhang04,
	author    = {Tong Zhang},
	title     = {Solving large scale linear prediction problems using stochastic gradient descent algorithms},
	booktitle = {ICML},
	year      = {2004},
	crossref  = {DBLP:conf/icml/2004},
	url       = {http://doi.acm.org/10.1145/1015330.1015332},
	doi       = {10.1145/1015330.1015332},
	timestamp = {Thu, 18 Apr 2013 17:48:30 +0200},
	biburl    = {http://dblp.uni-trier.de/rec/bib/conf/icml/Zhang04},
	bibsource = {dblp computer science bibliography, http://dblp.org}
}

@proceedings{DBLP:conf/icml/2004,
	editor    = {Carla E. Brodley},
	title     = {ICML},
	volume    = {69},
	publisher = {{ACM}},
	year      = {2004},
	timestamp = {Mon, 22 Oct 2007 13:54:01 +0200},
	biburl    = {http://dblp.uni-trier.de/rec/bib/conf/icml/2004},
	bibsource = {dblp computer science bibliography, http://dblp.org}
}

@inproceedings{DBLP:conf/icml/BiK13,
    author    = {Wei Bi and James Tin{-}Yau Kwok},
    title     = {Efficient Multi-label Classification with Many Labels},
    booktitle = {ICML},
    pages     = {405--413},
    year      = {2013},
    publisher = {JMLR},
    url       = {http://jmlr.org/proceedings/papers/v28/bi13.html},
    timestamp = {Thu, 11 Sep 2014 07:28:55 +0200},
    biburl    = {http://dblp.uni-trier.de/rec/bib/conf/icml/BiK13},
    bibsource = {dblp computer science bibliography, http://dblp.org}
}

@article{DBLP:journals/corr/SchmidtRB13,
    author    = {Mark W. Schmidt and Nicolas Le Roux and Francis R. Bach},
    title     = {Minimizing Finite Sums with the Stochastic Average Gradient},
    journal   = {CoRR},
    volume    = {abs/1309.2388},
    year      = {2013},
    url       = {http://arxiv.org/abs/1309.2388},
    timestamp = {Wed, 06 May 2015 16:20:34 +0200},
    biburl    = {http://dblp.uni-trier.de/rec/bib/journals/corr/SchmidtRB13},
    bibsource = {dblp computer science bibliography, http://dblp.org}
}

@article{freeman1978centrality,
  title={Centrality in social networks conceptual clarification},
  author={Freeman, Linton C},
  journal={Social networks},
  volume={1},
  number={3},
  pages={215--239},
  year={1978},
  publisher={Elsevier}
}

@inproceedings{witten1999kea,
  title={{KEA}: Practical automatic keyphrase extraction},
  author={Witten, Ian H and Paynter, Gordon W and Frank, Eibe and Gutwin, Carl and Nevill-Manning, Craig G},
  booktitle={Digital libraries},
  pages={254--255},
  year={1999},
  organization={ACM}
}

@article{rose2010automatic,
  title={Automatic keyword extraction from individual documents},
  author={Rose, Stuart and Engel, Dave and Cramer, Nick and Cowley, Wendy},
  journal={Text Mining},
  pages={1--20},
  year={2010}
}

@incollection{spyromitros2008empirical,
  title={An empirical study of lazy multilabel classification algorithms},
  author={Spyromitros, Eleftherios and Tsoumakas, Grigorios and Vlahavas, Ioannis},
  booktitle={Artificial Intelligence},
  pages={401--406},
  year={2008},
  publisher={Springer}
}

@article{pang2015cenknn,
  title={CenKNN: a scalable and effective text classifier},
  author={Pang, Guansong and Jin, Huidong and Jiang, Shengyi},
  journal={Data Mining and Knowledge Discovery},
  volume={29},
  number={3},
  pages={593--625},
  year={2015},
  publisher={Springer}
}

@incollection{kapanipathi14,
  title={User interests identification on {Twitter} using a hierarchical knowledge base},
  author={Kapanipathi, Pavan and Jain, Prateek and Venkataramani, Chitra and Sheth, Amit},
  booktitle={ESWC},
  pages={99--113},
  year={2014},
  publisher={Springer}
}

@inproceedings{DBLP:conf/webi/AswathADD05,
	author    = {Dipti Aswath and Syed Toufeeq Ahmed and	James D'cunha and Hasan Davulcu},
	title     = {Boosting Item Keyword Search with Spreading Activation},
	booktitle = {Web Intelligence},
	pages     = {704--707},
	year      = {2005},
	publisher = {{IEEE}},
	url       = {http://dx.doi.org/10.1109/WI.2005.44},
	doi       = {10.1109/WI.2005.44},
	timestamp = {Mon, 11 Aug 2014 17:11:19 +0200},
	biburl    = {http://dblp.uni-trier.de/rec/bib/conf/webi/AswathADD05},
	bibsource = {dblp computer science bibliography, http://dblp.org}
}


@book{manning2008introduction,
  title={Introduction to information retrieval},
  author={Manning, Christopher D and Raghavan, Prabhakar and Sch{\"u}tze, Hinrich and others},
 no_volume={1},
  no_number={1},
  year={2008},
  publisher={Cambridge}
}
@article{salton1975vector,
  title={A vector space model for automatic indexing},
  author={Salton, Gerard and Wong, Anita and Yang, Chung-Shu},
  journal={Communications of the ACM},
  volume={18},
  number={11},
  pages={613--620},
  year={1975},
  publisher={ACM}
}

@article{robertson1999okapi,
  title={Okapi at {TREC-7}: automatic ad hoc, filtering, VLC and interactive track},
  author={Robertson, Stephen E and Walker, Steve and Beaulieu, Micheline and Willett, Peter},
  journal={Nist Special Publication SP},
  pages={253--264},
  year={1999},
  publisher={NATIONAL INSTIUTE OF STANDARDS \& TECHNOLOGY}
}

@INPROCEEDINGS{Kiritchenko04familihierarchical,
    author = {Svetlana Kiritchenko},
    title = {Famili, Hierarchical Text Categorization as a Tool of Associating Genes with Gene Ontology Codes},
    booktitle = {Workshop on Data Mining and Text Mining for Bioinformatics},
    year = {2004},
    pages = {26--30}
}

@inproceedings{wang2014concept,
  title={Concept-based short text classification and ranking},
  author={Wang, Fang and Wang, Zhongyuan and Li, Zhoujun and Wen, Ji-Rong},
  booktitle={CIKM},
  pages={1069--1078},
  year={2014},
  organization={ACM}
}

@article{kim2014language,
  title={Language independent semantic kernels for short-text classification},
  author={Kim, Kwanho and Chung, Beom-suk and Choi, Yerim and Lee, Seungjun and Jung, Jae-Yoon and Park, Jonghun},
  journal={Expert Systems with Applications},
  volume={41},
  number={2},
  pages={735--743},
  year={2014},
  publisher={Elsevier}
}

@inproceedings{zhang2015short,
  title={Short Text Classification based on feature extension using The N-Gram model},
  author={Zhang, Xinwei and Wu, Bin},
  booktitle={Fuzzy Systems and Knowledge Discovery},
  pages={710--716},
  year={2015},
  organization={IEEE}
}

@article{song2014short,
  title={Short text classification: A survey},
  author={Song, Ge and Ye, Yunming and Du, Xiaolin and Huang, Xiaohui and Bie, Shifu},
  journal={Multimedia},
  volume={9},
  number={5},
  pages={635--643},
  year={2014}
}

@inproceedings{yao2015word,
  title={A word distributed representation based framework for large-scale short text classification},
  author={Yao, Di and Bi, Jingping and Huang, Jianhui and Zhu, Jin},
  booktitle={Neural Networks},
  pages={1--7},
  year={2015},
  organization={IEEE}
} 

@inproceedings{phan2008learning,
  title={Learning to classify short and sparse text \& web with hidden topics from large-scale data collections},
  author={Phan, Xuan-Hieu and Nguyen, Le-Minh and Horiguchi, Susumu},
  booktitle={WWW},
  pages={91--100},
  year={2008},
  organization={ACM}
}

@article{10.2307/2344614,
 ISSN = {00359238},
 URL = {http://www.jstor.org/stable/2344614},
 author = {J. A. Nelder, R. W. M. Wedderburn},
 journal = {Royal Statistical Society},
 number = {3},
 pages = {370-384},
 publisher = {Wiley},
 title = {Generalized Linear Models},
 volume = {135},
 year = {1972}
}

@inproceedings{hong2010empirical,
  title={Empirical study of topic modeling in {Twitter}},
  author={Hong, Liangjie and Davison, Brian D},
  booktitle={Workshop on social media analytics},
  pages={80--88},
  year={2010},
  organization={ACM}
}

@incollection{hess2008multi,
  title={Multi-value classification of very short texts},
  author={He{\ss}, Andreas and Dopichaj, Philipp and Maa{\ss}, Christian},
  booktitle={Advances in Artificial Intelligence},
  pages={70--77},
  year={2008},
  publisher={Springer}
}

@inproceedings{zhang2004solving,
  title={Solving large scale linear prediction problems using stochastic gradient descent algorithms},
  author={Zhang, Tong},
  booktitle={ICML},
  pages={116},
  year={2004},
  organization={ACM}
}

@inproceedings{rana2014news,
  title={News classification based on their headlines: A review},
  author={Rana, Mazhar Iqbal and Khalid, Shehzad and Akbar, Muhammad Usman},
  booktitle={Multi-Topic Conf.},
  pages={211--216},
  year={2014},
  organization={IEEE}
}

@inproceedings{drury2011classifying,
  title={Classifying news stories to estimate the direction of a stock market index},
  author={Drury, Brett and Torgo, Luis and Almeida, JJ},
  booktitle={Information Systems and Technologies},
  pages={1--4},
  year={2011},
  organization={IEEE}
}

@article{rana2015news,
  title={News Headlines Classification Using Probabilistic Approach},
  author={Rana, Mazhar Iqbal and Khalid, DR Shehzad and Abid, Fizza and Ali, Armugh and Durrani, Mehr Yahya and Aadil, Farhan},
  journal={Transactions on Computer Sciences},
  volume={7},
  number={1},
  year={2015}
}

@article{pope2007automatic,
  title={Automatic classification of online news headlines},
  author={Pope, Mark W},
  journal={A Master’s paper, University of North Carolina at Chapel Hill},
  year={2007},
  publisher={Citeseer}
}

@inproceedings{liu2012internet,
  title={Internet news headlines classification method based on the n-gram language model},
  author={Liu, Xin and Rujia, Gao and Liufu, Song},
  booktitle={Computer Science and Information Processing},
  pages={826--828},
  year={2012},
  organization={IEEE}
}

@MISC{Deshmukh_classifyingnews,
    author = {Dr. R. R. Deshmukh and Mr D. K. Kirange},
    title = {Classifying News Headlines for Providing User Centered E-Newspaper Using {SVM}},
    year = {2013}
}

@article{khamar2013short,
  title={Short text classification using kNN based on distance function},
  author={Khamar, Khushbu},
  journal={Advanced Research in Computer and Communication Engineering},
  year={2013}
}

@inproceedings{dilrukshi2013twitter,
  title={Twitter news classification using {SVM}},
  author={Dilrukshi, Inoshika and De Zoysa, Kasun and Caldera, Amitha},
  booktitle={Computer Science \& Education},
  pages={287--291},
  year={2013},
  organization={IEEE}
}

@inproceedings{taksa2015toward,
  title={Toward a Short Text Classification Framework Based on Background Knowledge Discovery},
  author={Taksa, Isak},
  booktitle={Artificial Intelligence},
  pages={672},
  year={2015},
  publisher={WorldComp}
}

@article{bergerlarge,
  title={Large Scale Multi-label Text Classification with Semantic Word Vectors},
  author={Berger, Mark J}
}

@inproceedings{benites2015haram,
  title={{HARAM}: a Hierarchical {ARAM} neural network for large-scale text classification},
  author={Benites, Fernando and Sapozhnikova, Elena},
  booktitle={Int. Conf. on Data Mining Workshop},
  pages={847--854},
  year={2015},
  organization={IEEE}
}

@article{read2015multi,
  title={Multi-label Classification using Labels as Hidden Nodes},
  author={Read, Jesse and Hollm{\'e}n, Jaakko},
  journal={arXiv preprint arXiv:1503.09022},
  year={2015}
}

@article{houfengwang2014muli,
  title={Muli-label Text Categorization with Hidden Components},
  author={HoufengWang, LiLi LongkaiZhang},
  year={2014}
}

@inproceedings{schulz2014evaluating,
  title={Evaluating Multi-label Classification of Incident-related Tweets},
  author={Schulz, Axel and Menc{\'\i}a, Eneldo Loza and Dang, Thanh Tung and Schmidt, Benedikt},
  booktitle={Workshop on Making Sense of Microposts},
  year={2014},
  publisher={CEUR}
}

@article{schulz2015rapid,
  title={A rapid-prototyping framework for extracting small-scale incident-related information in microblogs: Application of multi-label classification on tweets},
  author={Schulz, Axel and Menc{\'\i}a, Eneldo Loza and Schmidt, Benedikt},
  journal={Information Systems},
  year={2015},
  publisher={Elsevier}
}

@inproceedings{sajnani2011multi,
  title={Multi-Label Classification of Short Text: A Study on {Wikipedia} Barnstars.},
  author={Sajnani, Hitesh and Javanmardi, Sara and McDonald, David W and Lopes, Cristina Videira},
  booktitle={Analyzing Microtext},
  publisher={AAAI},
  year={2011}
}

@article{katakis2008multilabel,
  title={Multilabel text classification for automated tag suggestion},
  author={Katakis, Ioannis and Tsoumakas, Grigorios and Vlahavas, Ioannis},
  journal={ECML PKDD discovery challenge},
  year={2008}
}

@incollection{bhowmick2009multi,
  title={Multi-label text classification approach for sentence level news emotion analysis},
  author={Bhowmick, Plaban Kr and Basu, Anupam and Mitra, Pabitra and Prasad, Abhishek},
  booktitle={Pattern Recognition and Machine Intelligence},
  pages={261--266},
  year={2009},
  publisher={Springer}
}

@incollection{yao2014reader,
  title={Reader emotion prediction using concept and concept sequence features in news headlines},
  author={Yao, Yuanlin and Xu, Ruifeng and Lu, Qin and Liu, Bin and Xu, Jun and Zou, Chengtian and Yuan, Li and Wang, Shuwei and Yao, Lin and He, Zhenyu},
  booktitle={Computational Linguistics and Intelligent Text Processing},
  pages={73--84},
  year={2014},
  publisher={Springer}
}

@inproceedings{li2016weighted,
  title={Weighted multi-label classification model for sentiment analysis of online news},
  author={Li, Xin and Xie, Haoran and Rao, Yanghui and Chen, Yanjia and Liu, Xuebo and Huang, Huan and Wang, Fu Lee},
  booktitle={Big Data and Smart Computing},
  pages={215--222},
  year={2016},
  organization={IEEE}
}

@article{johnson2014effective,
  title={Effective use of word order for text categorization with convolutional neural networks},
  author={Johnson, Rie and Zhang, Tong},
  journal={arXiv preprint arXiv:1412.1058},
  year={2014}
}

@article{bhowmick2009reader,
  title={Reader perspective emotion analysis in text through ensemble based multi-label classification framework},
  author={Bhowmick, Plaban Kumar},
  journal={Computer and Information Science},
  volume={2},
  number={4},
  pages={64},
  year={2009}
}

@inproceedings{nishioka2015influence,
  title={Influence of time on user profiling and recommending researchers in social media},
  author={Nishioka, Chifumi and Gro{\ss}e-B{\"o}lting, Gregor and Scherp, Ansgar},
  booktitle={Proceedings of the 15th International Conference on Knowledge Technologies and Data-driven Business},
  pages={9},
  year={2015},
  organization={ACM}
}

@inproceedings{lukas2018,
author = {Mai, Florian and Galke, Lukas and Scherp, Ansgar},
year = {2018},
month = {05},
pages = {169-178},
title = {Using Deep Learning for Title-Based Semantic Subject Indexing to Reach Competitive Performance to Full-Text},
doi = {10.1145/3197026.3197039}
}