@article{bib1,
  title={Short text classification using kNN based on distance function},
  author={Khamar, Khushbu},
  journal={Advanced Research in Computer and Communication Engineering},
  year={2013}
}

@inproceedings{bib2,
  title={Twitter news classification using {SVM}},
  author={Dilrukshi, Inoshika and De Zoysa, Kasun and Caldera, Amitha},
  booktitle={Computer Science \& Education},
  pages={287--291},
  year={2013},
  organization={IEEE}
}

@inproceedings{bib3,
  title={Toward a Short Text Classification Framework Based on Background Knowledge Discovery},
  author={Taksa, Isak},
  booktitle={Artificial Intelligence},
  pages={672},
  year={2015},
  publisher={WorldComp}
}

@article{bib4,
  title={Large Scale Multi-label Text Classification with Semantic Word Vectors},
  author={Berger, Mark J}
}

@inproceedings{bib5,
  title={{HARAM}: a Hierarchical {ARAM} neural network for large-scale text classification},
  author={Benites, Fernando and Sapozhnikova, Elena},
  booktitle={Int. Conf. on Data Mining Workshop},
  pages={847--854},
  year={2015},
  organization={IEEE}
}

@article{bib6,
  title={Multi-label Classification using Labels as Hidden Nodes},
  author={Read, Jesse and Hollm{\'e}n, Jaakko},
  journal={arXiv preprint arXiv:1503.09022},
  year={2015}
}

@article{bib7,
  title={Muli-label Text Categorization with Hidden Components},
  author={HoufengWang, LiLi LongkaiZhang},
  year={2014}
}

@inproceedings{bib8,
  title={Evaluating Multi-label Classification of Incident-related Tweets},
  author={Schulz, Axel and Menc{\'\i}a, Eneldo Loza and Dang, Thanh Tung and Schmidt, Benedikt},
  booktitle={Workshop on Making Sense of Microposts},
  year={2014},
  publisher={CEUR}
}

@article{bib9,
  title={A rapid-prototyping framework for extracting small-scale incident-related information in microblogs: Application of multi-label classification on tweets},
  author={Schulz, Axel and Menc{\'\i}a, Eneldo Loza and Schmidt, Benedikt},
  journal={Information Systems},
  year={2015},
  publisher={Elsevier}
}

@inproceedings{bib10,
  title={Multi-Label Classification of Short Text: A Study on {Wikipedia} Barnstars.},
  author={Sajnani, Hitesh and Javanmardi, Sara and McDonald, David W and Lopes, Cristina Videira},
  booktitle={Analyzing Microtext},
  publisher={AAAI},
  year={2011}
}

@article{bib11,
  title={Multilabel text classification for automated tag suggestion},
  author={Katakis, Ioannis and Tsoumakas, Grigorios and Vlahavas, Ioannis},
  journal={ECML PKDD discovery challenge},
  year={2008}
}

@incollection{bib12,
  title={Multi-label text classification approach for sentence level news emotion analysis},
  author={Bhowmick, Plaban Kr and Basu, Anupam and Mitra, Pabitra and Prasad, Abhishek},
  booktitle={Pattern Recognition and Machine Intelligence},
  pages={261--266},
  year={2009},
  publisher={Springer}
}

@incollection{bib13,
  title={Reader emotion prediction using concept and concept sequence features in news headlines},
  author={Yao, Yuanlin and Xu, Ruifeng and Lu, Qin and Liu, Bin and Xu, Jun and Zou, Chengtian and Yuan, Li and Wang, Shuwei and Yao, Lin and He, Zhenyu},
  booktitle={Computational Linguistics and Intelligent Text Processing},
  pages={73--84},
  year={2014},
  publisher={Springer}
}

@inproceedings{bib14,
  title={Weighted multi-label classification model for sentiment analysis of online news},
  author={Li, Xin and Xie, Haoran and Rao, Yanghui and Chen, Yanjia and Liu, Xuebo and Huang, Huan and Wang, Fu Lee},
  booktitle={Big Data and Smart Computing},
  pages={215--222},
  year={2016},
  organization={IEEE}
}

@article{bib15,
  title={Effective use of word order for text categorization with convolutional neural networks},
  author={Johnson, Rie and Zhang, Tong},
  journal={arXiv preprint arXiv:1412.1058},
  year={2014}
}